
@misc{ArunChandrasekaran.20190215,
	author = {Chandrasekaran, A.},
	editor = {Gartner},
	year = {2019},
	title = {Best Practices for Running Containers and Kubernetes in Production},
	url = {https://www.gartner.com/doc/reprints?id=1-6N7WO2D&ct=190508&st=sb},
	keywords = {Einleitung},
	urldate = {2020-02-06},
	file = {Gartner Reprint:C\:\\Work\\Bachelorarbeit\\Quellen\\BA - Sichere Container\\Citavi Attachments\\Gartner Reprint.pdf:pdf}
}

@article{Baun.2009,
	author = {Baun, C. and Kunze, M. and Ludwig, T.},
	year = {2009},
	title = {Servervirtualisierung},
	pages = {197--205},
	volume = {32},
	number = {3},
	issn = {0170-6012},
	journal = {Informatik-Spektrum},
	doi = {10.1007/s00287-008-0321-6},
	file = {10.1007%2Fs00287-008-0321-6:C\:\\Work\\Bachelorarbeit\\Quellen\\BA - Sichere Container\\Citavi Attachments\\10.1007%2Fs00287-008-0321-6.pdf:pdf}
}


@book{Baun.2017,
	author = {Baun, C.},
	year = {2017},
	title = {Betriebssysteme kompakt},
	address = {Berlin, Heidelberg},
	publisher = {Springer Berlin Heidelberg},
	isbn = {978-3-662-53142-6},
	doi = {10.1007/978-3-662-53143-3},
	file = {10.1007%2F978-3-662-53143-3:C\:\\Work\\Bachelorarbeit\\Quellen\\BA - Sichere Container\\Citavi Attachments\\10.1007%2F978-3-662-53143-3.pdf:pdf}
}

@article{Bernstein.2014,
	author = {Bernstein, D.},
	year = {2014},
	title = {Containers and Cloud: From LXC to Docker to Kubernetes},
	url = {http://www.ce.uniroma2.it/courses/sdcc1617/articoli/bernstein_cc2014.pdf},
	urldate = {2020-01-22},
	pages = {81--84},
	volume = {1},
	number = {3},
	journal = {IEEE Cloud Computing},
	doi = {10.1109/MCC.2014.51},
	file = {07036275:C\:\\Work\\Bachelorarbeit\\Quellen\\BA - Sichere Container\\Citavi Attachments\\07036275.pdf:pdf}
}


@misc{BharatKunwar.09.05.2019,
	author = {Kunwar, B. and Telfer, S.},
	editor = {StackHPC Ltd.},
	year = {2019},
	title = {I/O performance of Kata containers},
	url = {https://www.stackhpc.com/kata-io-1.html},
	urldate = {2019-12-17},
	file = {Bharat Kunwar, Stig Telfer 15.10.2019 - I O performance of Kata containers:C\:\\Work\\Bachelorarbeit\\Quellen\\BA - Sichere Container\\Citavi Attachments\\Bharat Kunwar, Stig Telfer 15.10.2019 - I O performance of Kata containers.pdf:pdf}
}


@misc{Bui.13.01.2015,
	author = {Bui, T.},
	date = {2015-01-13},
	title = {Analysis of Docker Security},
	url = {http://arxiv.org/pdf/1501.02967v1},
	keywords = {Computer Science - Cryptography and Security},
	urldate = {2020-01-22},
	file = {1501.02967:C\:\\Work\\Bachelorarbeit\\Quellen\\BA - Sichere Container\\Citavi Attachments\\1501.02967.pdf:pdf;b79e9734-b86e-4351-b225-de1ed715ff11:C\:\\Users\\stoffel.EM-DA\\AppData\\Local\\Swiss Academic Software\\Citavi 6\\ProjectCache\\a89cc446-616c-41f5-b743-3bec7cad952b\\Remote Attachments\\b79e9734-b86e-4351-b225-de1ed715ff11.pdf:pdf}
}

@misc{JamesBottomley.14.07.2018,
	author = {Bottomley, J.},
	editor = {James Bottomley's random Pages},
	year = {2018},
	title = {Measuring the Horizontal Attack Profile of Nabla Containers},
	url = {https://blog.hansenpartnership.com/measuring-the-horizontal-attack-profile-of-nabla-containers/},
	urldate = {2019-11-29},
	file = {James Bottomley 14.07.2018 - Measuring the Horizontal Attack Profile:C\:\\Work\\Bachelorarbeit\\Quellen\\BA - Sichere Container\\Citavi Attachments\\James Bottomley 14.07.2018 - Measuring the Horizontal Attack Profile.pdf:pdf}
}

@inproceedings{Morabito.2015,
	author = {Morabito, R. and Kjallman, J. and Komu, M.},
	title = {Hypervisors vs. Lightweight Virtualization: A Performance Comparison},
	pages = {386--393},
	publisher = {IEEE},
	isbn = {978-1-4799-8218-9},
	booktitle = {2015 IEEE International Conference on Cloud Engineering (IC2E)},
	year = {2015},
	address = {Piscataway, NJ},
	doi = {10.1109/IC2E.2015.74},
	file = {IC2E_FirstWorkshoponContainers2015WoC_HypervisorsvsLightweightVirtualizationaPerformanceComparison:C\:\\Work\\Bachelorarbeit\\Quellen\\BA - Sichere Container\\Citavi Attachments\\IC2E_FirstWorkshoponContainers2015WoC_HypervisorsvsLightweightVirtualizationaPerformanceComparison.pdf:pdf}
}

@phdthesis{Peichert.20150928,
	author = {Peichert, A.},
	year = {2015},
	title = {Sicherer Betrieb existierender Applikationen im Unternehmensumfeld mit Open Source-Werkzeugen},
	url = {http://www.andreas.peichert.com/files/peichert_master_thesis_Sicherer_Betrieb_existierender_Applikationen_im_Unternehmensumfeld_mit_Open_Source-Werkzeugen.pdf},
	address = {Bremen},
	urldate = {2020-01-22},
	publisher = {Fakult{\"a}t Elektrotechnik und Informatik},
	school = {Hochschule Bremen},
	file = {peichert_master_thesis_Sicherer_Betrieb_existierender_Applikationen_im_Unternehmensumfeld_mit_Open_Source-Werkzeugen:C\:\\Work\\Bachelorarbeit\\Quellen\\BA - Sichere Container\\Citavi Attachments\\peichert_master_thesis_Sicherer_Betrieb_existierender_Applikationen_im_Unternehmensumfeld_mit_Open_Source-Werkzeugen.pdf:pdf;2dc89e40-d1a5-429f-bba5-6fc0a6d8986f:C\:\\Users\\stoffel.EM-DA\\AppData\\Local\\Swiss Academic Software\\Citavi 6\\ProjectCache\\a89cc446-616c-41f5-b743-3bec7cad952b\\Remote Attachments\\2dc89e40-d1a5-429f-bba5-6fc0a6d8986f.pdf:pdf}
}

@misc{Randal.28.04.2019,
	author = {Randal, A.},
	date = {2019-04-28},
	title = {The Ideal Versus the Real: Revisiting the History of Virtual Machines  and Containers},
	url = {https://arxiv.org/pdf/1904.12226.pdf},
	keywords = {Computer Science - Cryptography and Security;Computer Science - Networking and Internet Architecture},
	file = {1904.12226:C\:\\Work\\Bachelorarbeit\\Quellen\\BA - Sichere Container\\Citavi Attachments\\1904.12226.pdf:pdf},
	urldate = {2020-01-13}
}


@book{Scholl.2019,
	author = {Scholl, B. and Swanson, T. and Jausovec, P.},
	year = {2019},
	title = {Cloud Native: Using Containers, Functions, and Data to Build Next-Generation Applications},
		keywords = {Grundlagen},
	publisher = {O'Reilly Media},
	isbn = {9781492053774},
	file = {Cloud Native. Containers, Functions, Data:C\:\\Work\\Bachelorarbeit\\Quellen\\BA - Sichere Container\\Citavi Attachments\\Cloud Native. Containers, Functions, Data.pdf:pdf}
}

@inproceedings{Shu.2017b,
	author = {Shu, R. and Gu, X. and Enck, W.},
	title = {A Study of Security Vulnerabilities on Docker Hub},
	urldate = {2020-01-22},
	pages = {269--280},
	publisher = {The Association for Computing Machinery},
	isbn = {9781450345231},
	editor = {Ahn, G. and Pretschner, A. and Ghinita, G.},
	booktitle = {CODASPY'17},
	year = {2017},
	address = {New York, New York},
	doi = {10.1145/3029806.3029832},
	file = {p269-shu ip=87.147.156:C\:\\Work\\Bachelorarbeit\\Quellen\\BA - Sichere Container\\Citavi Attachments\\p269-shu.pdf ip=87.147.156.pdf:pdf}
}


@article{TamHanna.01.11.2019,
	author = {Hanna, T.},
	year = {2019},
	title = {Abwehrhaltung: Kata Containers},
	pages = {28--32},
	volume = {2019},
	number = {11},
	journal = {IT Administrator},
	file = {IT Administrator Kata Container-gedreht:C\:\\Work\\Bachelorarbeit\\Quellen\\BA - Sichere Container\\Citavi Attachments\\IT Administrator Kata Container-gedreht.pdf:pdf}
}

@article{UdoSeidel.2018,
	author = {Seidel, U.},
	year = {2018},
	title = {Kernige K{\"a}sten: Anwendungen abschotten mit Kata Containers, gVisor und Nabla},
	pages = {106--110},
	volume = {2018},
	number = {11},
	journal = {iX},
	file = {ix.18.11_oW:C\:\\Work\\Bachelorarbeit\\Quellen\\BA - Sichere Container\\Citavi Attachments\\ix.18.11_oW.pdf:pdf}
}

@book{Felter.2015,
	author = {Felter, W. and Ferreira, A. and Rajamony, R. and Rubio, J.},
	title = {An Updated Performance Comparison of Virtual Machines and Linux Containers},
	url = {https://pdfs.semanticscholar.org/0d9a/ea55a54ccc6ab64995d70bf6ae464af25f0d.pdf},
	file = {An Updated Performance Comparison of Virtual Machines and Linux Containers:C\:\\Work\\Bachelorarbeit\\Quellen\\BA - Sichere Container\\Citavi Attachments\\An Updated Performance Comparison of Virtual Machines and Linux Containers.pdf:pdf},
	urldate = {2020-01-23}
}

@misc{nablacontainers.20190326,
	author = {{Nabla Containers}},
	year = {2019},
	title = {nabla-demo-apps},
	url = {https://github.com/nabla-containers/nabla-demo-apps},
	urldate = {2020-01-23}
}

@misc{katacontainers.20190829,
	author = {{Kata Containers}},
	year = {2019},
	title = {Kata Containers User Guide},
	url = {https://github.com/kata-containers/documentation/wiki/UserGuide},
	urldate = {2020-01-23}
}
@misc{katacontainers.20190123,
	author = {{Kata Containers}},
	year = {2019},
	title = {Documentation: Firecracker limitations Issue {\#}351},
	url = {https://github.com/kata-containers/documentation/issues/351},
	urldate = {2020-01-24}
}

@misc{DockerInc.2020,
	author = {{Docker Inc.}},
	year = {2020},
	title = {Runtime options with Memory, CPUs, and GPUs},
	url = {https://docs.docker.com/config/containers/resource_constraints/},
	keywords = {configuration;daemon;Docker;runtime},
	urldate = {2020-01-23},
	file = {Docker Inc. 2020 - Runtime options with Memory:C\:\\Work\\Bachelorarbeit\\Quellen\\BA - Sichere Container\\Citavi Attachments\\Docker Inc. 2020 - Runtime options with Memory.pdf:pdf}
}

@book{Jangla.2018,
	author = {Jangla, K.},
	year = {2018},
	title = {Accelerating Development Velocity Using Docker},
	keywords = {Docker;Grundlagen},
	address = {Berkeley, CA},
	urldate = {2020-01-22},
	publisher = {Apress},
	isbn = {978-1-4842-3935-3},
	doi = {10.1007/978-1-4842-3936-0},
	file = {Jangla 2018 - Accelerating Development Velocity Using Docker:C\:\\Work\\Bachelorarbeit\\Quellen\\BA - Sichere Container\\Citavi Attachments\\Jangla 2018 - Accelerating Development Velocity Using Docker.pdf:pdf}
}
@misc{cwilhit.2019,
	author = {Cwilhit},
	editor = {Microsoft},
	year = {2019},
	title = {Windows-und Linux-Container unter Windows 10},
	url = {https://docs.microsoft.com/de-de/virtualization/windowscontainers/quick-start/set-up-environment?tabs=Windows-10-Client},
	keywords = {Docker;Grundlagen},
	urldate = {2020-01-29},
	file = {windows 10 docker:C\:\\Work\\Bachelorarbeit\\Quellen\\BA - Sichere Container\\Citavi Attachments\\windows 10 docker.pdf:pdf}
}
@misc{FerdinandThommes.20170720,
	author = {Thommes, F.},
	editor = {Pro-Linux},
	year = {2017},
	title = {Spezifikation der OCI erreicht Version 1.0},
	url = {https://www.pro-linux.de/news/1/24959/spezifikation-der-oci-erreicht-version-10.html},
	keywords = {Container;Grundlagen},
	urldate = {2020-01-29},
	file = {Spezifikation der OCI erreicht Version 20.07.2017:C\:\\Work\\Bachelorarbeit\\Quellen\\BA - Sichere Container\\Citavi Attachments\\Spezifikation der OCI erreicht Version 20.07.2017.pdf:pdf}
}


@misc{HansJoachimBaader.20180410,
	author = {Baader, H.},
	editor = {Pro-Linux},
	year = {2018},
	title = {Open Container Initiative startet Spezifikation der Image-Verteilung},
	url = {https://www.pro-linux.de/news/1/25786/open-container-initiative-startet-spezifikation-der-image-verteilung.html},
	keywords = {Container;Grundlagen},
	urldate = {2020-01-29},
	file = {Open Container Initiative startet Spezifikation 10.04.2018:C\:\\Work\\Bachelorarbeit\\Quellen\\BA - Sichere Container\\Citavi Attachments\\Open Container Initiative startet Spezifikation 10.04.2018.pdf:pdf}
}
@misc{BettyJunod.2017,
	author = {Junod, B.},
	editor = {Docker Blog},
	year = {2017},
	title = {MetLife Uses Docker Enterprise Edition to Self Fund Containerization},
	url = {https://www.docker.com/blog/metlife-docker-enterprise-edition-self-funded-containerization/},
	keywords = {Docker Customers;Docker EE;Docker for Enterprise;dockercon;Metlife;MTA},
	urldate = {2020-01-29},
	file = {Docker Blog (Hg.) 2017 - MetLife Uses Docker Enterprise Edition:C\:\\Work\\Bachelorarbeit\\Quellen\\BA - Sichere Container\\Citavi Attachments\\Docker Blog (Hg.) 2017 - MetLife Uses Docker Enterprise Edition.pdf:pdf}
}
@inproceedings{Jaworski.2020,
	author = {Jaworski, J. and Karwowski, W. and Rusek, M.},
	title = {Microservice-Based Cloud Application Ported to Unikernels: Performance Comparison of Different Technologies},
	url = {https://link.springer.com/chapter/10.1007/978-3-030-30440-9_24},
	keywords = {Grundlagen;Nabla;Performanz},
	urldate = {2020-01-22},
	pages = {255--264},
	publisher = {Springer International Publishing},
	isbn = {978-3-030-30440-9},
	editor = {Borzemski, L. and {\'S}wi{\k{a}}tek, J. and Wilimowska, Z.},
	booktitle = {Information Systems Architecture and Technology: Proceedings of 40th Anniversary International Conference on Information Systems Architecture and Technology -- ISAT 2019},
	year = {2020},
	address = {Cham},
	file = {10.1007@978-3-030-30440-9:C\:\\Work\\Bachelorarbeit\\Quellen\\BA - Sichere Container\\Citavi Attachments\\10.1007@978-3-030-30440-9.pdf:pdf}
}
@misc{katacontainers.20200120,
	abstract = {Kata Containers documentation. Contribute to kata-containers/documentation development by creating an account on GitHub.},
	author = {{Kata Containers}},
	year = {2020},
	title = {Kata Containers installation user guides},
	url = {https://github.com/kata-containers/documentation/blob/e45be66e72d25a567a59e763e7d8a246407a90cc/install/README.md},
	urldate = {2020-01-30}
}
@misc{katacontainers.20191207,
	author = {{Kata Containers}},
	year = {2019},
	title = {Kata Containers Architecture},
	url = {https://github.com/kata-containers/documentation/blob/master/design/architecture.md},
	keywords = {Grundlagen;Kata},
	urldate = {2020-01-30}
}

@misc{ArunGupta.2018,
	author = {Gupta, A. and Lian, L.},
	editor = {Amazon Web Services},
	year = {2018},
	title = {Announcing the Firecracker Open Source Technology: Secure and Fast microVM for Serverless Computing},
	url = {https://aws.amazon.com/de/blogs/opensource/firecracker-open-source-secure-fast-microvm-serverless/},
	keywords = {Firecracker;Grundlagen},
	urldate = {2020-01-22}
}
@misc{gVisor.20191025,
	author = {GVisor},
	year = {2019},
	title = {Compatibility},
	url = {https://gvisor.dev/docs/user_guide/compatibility/},
	urldate = {2020-01-30}
}
@misc{gVisor.20200122,
	abstract = {Syscall Compatibility Reference Documentation for Linux/amd64},
	author = {GVisor},
	year = {2020},
	title = {Linux/amd64},
	url = {https://gvisor.dev/docs/user_guide/compatibility/linux/amd64/},
	urldate = {2020-01-30}
}
@inproceedings{EthanG.Young.2019,
	author = {Young, E. and Zhu, P. and Caraza-Harter, T. and Arpaci-Dusseau, A. and Arpaci-Dusseau, R.},
	title = {The True Cost of Containing: A gVisor Case Study},
	url = {https://www.usenix.org/system/files/hotcloud19-paper-young.pdf},
	keywords = {Grundlagen;gvisor;Performanz;Security},
	urldate = {2020-01-22},
	publisher = {USENIX Association},
	booktitle = {11th USENIX Workshop on Hot Topics in Cloud Computing (HotCloud 19)},
	year = {2019},
	address = {Renton, WA}
}

@misc{NilsMagnus.20190425,
	author = {Magnus, N.},
	year = {2019},
	title = {Kata Container optimiert die Sicherheit bei Docker},
	url = {https://www.youtube.com/watch?v=fPhfg6B6yHo},
	keywords = {Kata},
	address = {CloudHub T-Systems},
	institutions = {Open Telekom Cloud},
	urldate = {2020-02-23}
}



@inproceedings{Williams.2016,
	author = {Williams, D. and Koller, R.},
	title = {Unikernel Monitors: Extending Minimalism Outside of the Box},
	keywords = {Grundlagen;Nabla},
	pages = {71--76},
	publisher = {USENIX Association},
	series = {HotCloud'16},
	booktitle = {Proceedings of the 8th USENIX Conference on Hot Topics in Cloud Computing},
	year = {2016},
	address = {USA},
	file = {hotcloud16_williams:C\:\\Work\\Bachelorarbeit\\Quellen\\BA - Sichere Container\\Citavi Attachments\\hotcloud16_williams.pdf:pdf}
}



@misc{nablacontainers.20190402,
	author = {{Nabla Containers}},
	year = {2019},
	title = {Runnc},
	url = {https://github.com/nabla-containers/runnc},
	keywords = {Grundlagen;Nabla},
	urldate = {2020-01-31}
}



@misc{Nablacontainers.20190501,
	abstract = {A new approach to Container Isolation},
	author = {{Nabla Containers}},
	year = {2019},
	title = {Nabla containers: a new approach to container isolation},
	url = {https://nabla-containers.github.io/},
	urldate = {2020-01-31}
}


@book{Poulton.2017,
	author = {Poulton, N.},
	year = {2017},
	title = {Docker deep dive},
	keywords = {Docker;Grundlagen},
	edition = {DockerCon EU edition, version 4},
	isbn = {9781521822807},
	file = {Docker_Deep_Dive__Updated_October_2017:C\:\\Work\\Bachelorarbeit\\Quellen\\BA - Sichere Container\\Citavi Attachments\\Docker_Deep_Dive__Updated_October_2017.pdf:pdf}
}

@misc{sysdig.2019,
	author = {Sysdig},
	year = {2019},
	title = {2019 Container Usage Report},
	url = {https://sysdig.com/resources/papers/2019-container-usage-report/},
	keywords = {Docker;Einleitung},
	urldate = {2020-02-06},
	file = {pf-2019-container-usage-report:C\:\\Work\\Bachelorarbeit\\Quellen\\BA - Sichere Container\\Citavi Attachments\\pf-2019-container-usage-report.pdf:pdf}
}

@misc{NicolasLacasse.2018052,
	abstract = {Containers have revolutionized how we develop, package, and deploy applications. However, the system surface exposed to containers is broad enough that man},
	author = {Lacasse, N.},
	editor = {Google Cloud Blog},
	year = {2018},
	title = {Open-sourcing gVisor, a sandboxed container runtime},
	url = {https://cloud.google.com/blog/products/gcp/open-sourcing-gvisor-a-sandboxed-container-runtime},
	urldate = {2020-02-06}
}



@misc{XuWang.2018,
	author = {Wang, X. and Li, F.},
	year = {2018},
	title = {Kata Containers and gVisor: a Quantitative Comparison},
	url = {https://object-storage-ca-ymq-1.vexxhost.net/swift/v1/6e4619c416ff4bd19e1c087f27a43eea/www-assets-prod/presentation-media/kata-containers-and-gvisor-a-quantitave-comparison.pdf},
	keywords = {gvisor;Kata;Performanz},
	address = {Berlin},
	file = {kata-containers-and-gvisor-a-quantitave-comparison:C\:\\Work\\Bachelorarbeit\\Quellen\\BA - Sichere Container\\Citavi Attachments\\kata-containers-and-gvisor-a-quantitave-comparison.pdf:pdf},
	urldate = {2019-12-23}
}



@book{Luksa.2018,
	author = {Luk{\v{s}}a, M.},
	year = {2018},
	title = {Kubernetes in Action: Anwendungen in Kubernetes-Clustern bereitstellen und verwalten},
	keywords = {Docker;Grundlagen;Kubernetes},
	address = {M{\"u}nchen},
	publisher = {Hanser},
	isbn = {9783446455108},
	doi = {10.3139/9783446456020},
	file = {9783446456020 fm (2):C\:\\Work\\Bachelorarbeit\\Quellen\\BA - Sichere Container\\Citavi Attachments\\9783446456020 fm (2).pdf:pdf}
}




@misc{VaughanNichols.20180716,
	abstract = {IBM claims its new container design is more secure than Docker or other containers by cutting operating system calls to the bare minimum and thereby reducing its attack surface as small as possible.},
	author = {Vaughan-Nichols, S.},
	editor = {ZDNet},
	year = {2018},
	title = {IBM's new Nabla containers are designed for security first |},
	url = {https://www.zdnet.com/article/ibms-new-nabla-containers-are-designed-for-security-first/},
	urldate = {2020-02-06}
}

@misc{CloudNativeComputingFoundation.2020,
	author = {{Cloud Native Computing Foundation}},
	year = {2020},
	title = {FAQ - Cloud Native Computing Foundation},
	url = {https://www.cncf.io/about/faq/#what-is-cloud-native},
	urldate = {2020-02-11}
}




@book{Jain.1991,
	author = {Jain, R.},
	year = {1991},
	title = {The art of computer systems performance analysis: Techniques for experimental design, measurement, simulation, and modeling},
	keywords = {Performanz},
	address = {New York},
	edition = {[Nachdr.]},
	publisher = {Wiley},
	isbn = {0471503363},
	file = {the_art_of_computer_systems_performance_analysis:C\:\\Work\\Bachelorarbeit\\Quellen\\BA - Sichere Container\\Citavi Attachments\\the_art_of_computer_systems_performance_analysis.pdf:pdf}
}


@misc{NicolasLacasse.20190531,
	author = {Lacasse, N. and Lewis, I.},
	editor = {Google Open Source Blog},
	year = {2019},
	title = {gVisor: One Year Later},
	url = {https://opensource.googleblog.com/2019/05/gvisor-one-year-later.html},
	keywords = {GVisor},
	urldate = {2020-02-12}
}




@misc{Prof.Dr.Ing.L.Grundig.2003,
	author = {Gr{\"u}ndig, L.},
	editor = {Technische Universit{\"a}t Berlin},
	year = {2003},
	title = {Statistische Testverfahren},
	url = {http://misc.gis.tu-berlin.de/igg/htdocs-kw/fileadmin/Daten_FGA/Statistische-Testverfahren/AGL2_Skript.pdf},
	keywords = {Mathe},
	urldate = {2020-01-22},
	file = {AGL2_Skript:C\:\\Work\\Bachelorarbeit\\Quellen\\BA - Sichere Container\\Citavi Attachments\\AGL2_Skript.pdf:pdf}
}



@misc{katacontainers.20190514,
	author = {{Kata Containers}},
	year = {2019},
	title = {Initial release of Kata Containers with Firecracker support},
	url = {https://github.com/kata-containers/documentation/wiki/Initial-release-of-Kata-Containers-with-Firecracker-support},
	keywords = {Firecracker;Grundlagen;Kata},
	urldate = {2020-01-30}
}



@article{Lohninger.2007,
	author = {Lohninger, H.},
	year = {2012},
	title = {Grundlagen der Statistik: Vertrauensbereich des Mittelwerts},
	url = {http://www.statistics4u.info/fundstat_germ/cc_confidence_interval.html},
	urldate = {2020-02-13},
	journal = {Virtual Institute of Applied Science. Von statistic for you.}
}



@misc{gVisor.20200122b,
	author = {GVisor},
	year = {2020},
	title = {Performance Guide},
	url = {https://gvisor.dev/docs/architecture_guide/performance/},
	keywords = {GVisor},
	urldate = {2020-02-17}
}

@misc{JezHumble.2014,
	author = {Jez, H.},
	year = {2014},
	title = {The Case for Continuous Delivery},
	url = 
	{https://www.thoughtworks.com/de/insights/blog/case-continuous-delivery},
	urldate = {2020-02-20}
}



@misc{Alpine.20200220,
	abstract = {A minimal Docker image based on Alpine Linux with a complete package index and only 5 MB in size!},
	author = {Alpine},
	editor = {Docker Hub},
	year = {2020},
	title = {alpine - Docker Hub},
	url = {https://hub.docker.com/_/alpine},
	keywords = {Tools},
	urldate = {2020-02-20}
}


@misc{apache.02.01.2020,
	author = {Apache},
	year = {2020},
	title = {ab - Apache HTTP server benchmarking tool - Apache HTTP Server Version 2.4},
	url = {http://httpd.apache.org/docs/2.4/programs/ab.html},
	keywords = {Tools},
	urldate = {2020-02-20}
}


@misc{CNCF.20200220,
	abstract = {Filter and sort by GitHub stars, funding, commits, contributors, hq location, and tweets. Updated: 2020-02-20 04:28:22Z},
	author = {{Cloud Native Computing Fondation}},
	year = {2020},
	title = {CNCF Cloud Native Interactive Landscape},
	url = {https://landscape.cncf.io/},
	keywords = {Tools},
	urldate = {2020-02-20}
}


@misc{die.net.,
	author = {Die.net},
	title = {time(7): overview of time/timers - Linux man page},
	url = {https://linux.die.net/man/7/time},
	keywords = {Tools},
	urldate = {2020-02-18}
}


@misc{Gueant.20200220,
	author = {Gueant, V.},
	year = {2020},
	title = {iPerf - The TCP, UDP and SCTP network bandwidth measurement tool},
	url = {https://iperf.fr/},
	keywords = {Tools},
	urldate = {2020-02-20}
}


@misc{Netlib.20090217,
	author = {Netlib},
	year = {2009},
	title = {LINPACK},
	url = {https://www.netlib.org/linpack/},
	keywords = {Tools},
	urldate = {2020-02-20}
}


@misc{OpenContainerInitiative.,
	author = {{Open Container Initiative}},
	year = {2020},
	title = {OCI Image Format Specification},
	url = {https://github.com/opencontainers/image-spec},
	keywords = {Tools},
	urldate = {2020-02-20}
}


@misc{OpenContainerInitiative.20200205,
	author = {{Open Container Initiative}},
	year = {2020},
	title = {Open Container Initiative Runtime Specification},
	url = {https://github.com/opencontainers/runtime-spec},
	keywords = {Tools},
	urldate = {2020-02-20}
}



@misc{OpenContainerInitiative.20200212,
	author = {{Open Container Initiative}},
	year = {2020},
	title = {Open Container Initiative Distribution Specification},
	url = {https://github.com/opencontainers/distribution-spec},
	urldate = {2020-02-20}
}

@misc{procps.20200215,
	author = {Procps},
	year = {2020},
	title = {procps},
	url = {https://gitlab.com/procps-ng/procps},
	keywords = {Tools},
	urldate = {2020-02-20}
}


@misc{Quay.,
	abstract = {Vulnerability Static Analysis for Containers. Contribute to quay/clair development by creating an account on GitHub.},
	author = {Quay},
	title = {Clair},
	url = {https://github.com/quay/clair},
	keywords = {Tools},
	urldate = {2020-02-20}
}


@misc{Ubuntu.20200220,
	abstract = {Ubuntu is a Debian-based Linux operating system based on free software.},
	author = {Ubuntu},
	editor = {Docker Hub},
	year = {2020},
	title = {ubuntu - Docker Hub},
	url = {https://hub.docker.com/_/ubuntu},
	keywords = {Tools},
	urldate = {2020-02-20}
}



@misc{EdChalstrey.20190716,
	author = {Chalstrey, E.},
	editor = {The Alan Turing Institute},
	year = {2019},
	title = {Benchmarking for Data Science with Containers},
	url = {https://alan-turing-institute.github.io/data-science-benchmarking/examples/HPL_benchmarks_workflow_example.html},
	keywords = {Tools},
	urldate = {2020-02-20}
}



@misc{EdChalstrey.20.2.2020,
	author = {Chalstrey, E.},
	editor = {Docker Hub},
	year = {2020},
	title = {edwardchalstrey/hpl{\_}benchmark - Docker Hub},
	url = {https://hub.docker.com/r/edwardchalstrey/hpl_benchmark},
	keywords = {Tools},
	urldate = {2020-02-20}
}



@book{Dittmer.2002,
	author = {Dittmer, G.},
	year = {2002},
	title = {Rationales Management: Komplexit{\"a}t methodisch meistern},
	address = {Berlin, Heidelberg and s.l.},
	publisher = {Springer Berlin Heidelberg},
	isbn = {9783642626807},
	doi = {10.1007/978-3-642-56272-3}
}



@misc{DirkWetter.20181218,
	author = {Wetter, D.},
	editor = {OWASP},
	year = {2019},
	title = {OWASP Docker Top 10},
	url = {https://owasp.org/www-project-docker-top-10/},
	keywords = {Security},
	urldate = {2020-02-21}
}



@misc{DirkWetter.2019,
	author = {Wetter, D.},
	year = {2019},
	title = {D03 - Network Segmentation and Firewalling},
	url = {https://github.com/OWASP/Docker-Security/blob/master/D03%20-%20Network%20Segmentation%20and%20Firewalling.md},
	keywords = {Security},
	urldate = {2020-02-21},
	file = {https://github.com/OWASP/Docker-Security/blob/master/D03 - Network Segmentation and Firewalling.md}
}




@article{OWASP.2018,
	author = {{Open Web Application Security Project}},
	year = {2018},
	title = {OWASP Top 10 - 2017 (Deutsche Version 1.0)},
	url = {https://www.owasp.org/images/9/90/OWASP_Top_10-2017_de_V1.0.pdf},
	keywords = {Security},
	urldate = {2020-02-21},
	file = {OWASP_Top_10-2017_de_V1.0:C\:\\Work\\Bachelorarbeit\\Quellen\\BA - Sichere Container\\Citavi Attachments\\OWASP_Top_10-2017_de_V1.0.pdf:pdf}
}


@article{OWASP.2019,
	author = {{Open Web Application Security Project}},
	year = {2019},
	title = {OWASP Docker Top 10},
	url = {https://github.com/OWASP/Docker-Security/blob/master/dist/owasp-docker-security.pdf},
	keywords = {Security},
	urldate = {2020-02-21},
	file = {owasp-docker-security:C\:\\Work\\Bachelorarbeit\\Quellen\\BA - Sichere Container\\Citavi Attachments\\owasp-docker-security.pdf:pdf}
}


@misc{OWASP.2020,
	author = {{Open Web Application Security Project}},
	year = {2020},
	title = {OWASP Foundation, the Open Source Foundation for Application Security},
	url = {https://owasp.org/},
	keywords = {Security},
	urldate = {2020-02-21}
}



@inproceedings{Saleel.2017,
	author = {Saleel, A. and Nazeer, M. and Beheshti, B.},
	title = {Linux kernel OS local root exploit},
	pages = {1--5},
	publisher = {IEEE},
	isbn = {978-1-5386-3887-3},
	booktitle = {2017 IEEE Long Island Systems, Applications and Technology Conference (LISAT)},
	year = {2017},
	address = {Piscataway, NJ},
	doi = {10.1109/LISAT.2017.8001953},
	file = {08001953:C\:\\Work\\Bachelorarbeit\\Quellen\\BA - Sichere Container\\Citavi Attachments\\08001953.pdf:pdf}
}



@misc{DockerInc..20191203,
	abstract = {Enabling seccomp in Docker},
	author = {{Docker Inc.}},
	year = {2019},
	title = {Seccomp security profiles for Docker | Docker Documentation},
	url = {https://docs.docker.com/engine/security/seccomp/},
	keywords = {Docker},
	urldate = {2020-02-22}
}



@misc{TheMITRECorporation.2018,
	author = {{The MITRE Corporation}},
	year = {2018},
	title = {CVE - CVE-2018-10840},
	url = {https://cve.mitre.org/cgi-bin/cvename.cgi?name=CVE-2018-10840},
	urldate = {2020-02-22}
}



@misc{Nablacontainers.20190515,
	author = {{Nabla Containers}},
	year = {2019},
	title = {The choices we make: Impact of using host filesystem interface for secure containers},
	url = {https://nabla-containers.github.io/2018/11/28/fs/},
	urldate = {2020-02-22}
}



@misc{gVisor.20191024,
	author = {GVisor},
	year = {2019},
	title = {Kubernetes},
	url = {https://gvisor.dev/docs/user_guide/quick_start/kubernetes/},
	urldate = {2020-02-24}
}




@misc{katacontainers.20190613,
	abstract = {Kata Containers documentation. Contribute to kata-containers/documentation development by creating an account on GitHub.},
	author = {{Kata Containers}},
	year = {2019},
	title = {How to use Kata Containers and CRI (containerd plugin) with Kubernetes},
	url = {https://github.com/kata-containers/documentation/blob/master/how-to/how-to-use-k8s-with-cri-containerd-and-kata.md},
	urldate = {2020-02-24}
}

@misc{nablacontainers.20181105,
	author = {{Nabla Containers}},
	year = {2018},
	title = {Nabla on Kubernetes!},
	url = {https://nabla-containers.github.io/2018/11/05/nabla-k8s/},
	urldate = {2020-02-24}
}

@misc{KataContainers.20190919,
	abstract = {Kata Containers documentation. Contribute to kata-containers/documentation development by creating an account on GitHub.},
	author = {{Kata Containers}},
	year = {2019},
	title = {Limitations},
	url = {https://github.com/kata-containers/documentation/blob/master/Limitations.md},
	urldate = {2020-02-24}
}

@misc{chaoss,
	author = {{CHAOSS}},
	year = {2020},
	title = {CHAOSS Metrics},
	url = {https://chaoss.community/metrics/},
	urldate = {2020-02-22}
}